<record><leader>00000cas a22000007a 4500</leader><controlfield tag="001">15261415</controlfield><controlfield tag="008">870303d19101920inuwr ne      0    0eng d</controlfield><datafield ind1=" " ind2=" " tag="010"><subfield code="a">sn 87055352 </subfield></datafield><datafield ind1=" " ind2=" " tag="040"><subfield code="a">NPI</subfield><subfield code="b">eng</subfield><subfield code="c">NPI</subfield><subfield code="d">OCLCQ</subfield></datafield><datafield ind1=" " ind2=" " tag="042"><subfield code="a">msc</subfield></datafield><datafield ind1="0" ind2="4" tag="245"><subfield code="a">The Crescent-standard.</subfield></datafield><datafield ind1=" " ind2=" " tag="260"><subfield code="a">Frankfort, Ind. :</subfield><subfield code="b">R.C. Houston</subfield></datafield><datafield ind1=" " ind2=" " tag="310"><subfield code="a">Weekly</subfield></datafield><datafield ind1="1" ind2=" " tag="362"><subfield code="a">Began in 1910; ceased in 1920?</subfield></datafield><datafield ind1=" " ind2=" " tag="580"><subfield code="a">Also published in daily editions called: Frankfort daily crescent, and: The Frankfort crescent-news.</subfield></datafield><datafield ind1=" " ind2=" " tag="588"><subfield code="a">Description based on: Vol. 72, no. 2 (Jan. 5, 1912).</subfield></datafield><datafield ind1=" " ind2=" " tag="752"><subfield code="a">United States</subfield><subfield code="b">Indiana</subfield><subfield code="c">Clinton</subfield><subfield code="d">Frankfort.</subfield></datafield><datafield ind1="1" ind2=" " tag="775"><subfield code="t">Frankfort daily crescent (Frankfort, Ind. : 1906)</subfield><subfield code="w">(DLC)sn 87055286</subfield></datafield><datafield ind1="1" ind2=" " tag="775"><subfield code="t">Frankfort crescent-news</subfield><subfield code="w">(DLC)sn 87055342</subfield></datafield><datafield ind1="0" ind2="4" tag="780"><subfield code="t">Frankfort crescent</subfield></datafield><datafield ind1="0" ind2="4" tag="780"><subfield code="t">Frankfort standard</subfield></datafield></record>